<?xml version="1.0" encoding="UTF-8" ?>
<record Numero="14806067" format="InterXMarc_Complet" type="Authority">
<leader>00901c1 au22000272  45  <Pos Code="0004">00901</Pos>
<Pos Code="05" Sens="notice modifiée">c</Pos>
<Pos Code="06" Sens="notice validée en catalogage courant">1</Pos>
<Pos Code="08" Sens="notice d&apos;autorité">a</Pos>
<Pos Code="09" Sens="titre uniforme musical (TUM)">u</Pos>
<Pos Code="10">2</Pos>
<Pos Code="11">2</Pos>
<Pos Code="1216">00027</Pos>
<Pos Code="17" Sens="autres cas">2</Pos>
<Pos Code="20">4</Pos>
<Pos Code="21">5</Pos>
</leader>
<controlfield tag="001">FRBNF148060677<Pos Code="0001">FR</Pos>
<Pos Code="0204">BNF</Pos>
<Pos Code="0512">14806067</Pos>
<Pos Code="13">7</Pos>
</controlfield>
<controlfield tag="008">990211100219yy    bdi       1841      1842                   1   <Pos Code="0001">99</Pos>
<Pos Code="0203">02</Pos>
<Pos Code="0405">11</Pos>
<Pos Code="0607">10</Pos>
<Pos Code="0809">02</Pos>
<Pos Code="1011">19</Pos>
<Pos Code="1213" Sens="ne s&apos;applique pas">yy</Pos>
<Pos Code="1820" Sens="ballade instrumentale">bdi</Pos>
<Pos Code="2831">1841</Pos>
<Pos Code="3841">1842</Pos>
<Pos Code="61" Sens="La vedette peut être liée à une notice bibliographique sauf pour l&apos;accès matière RAMEAU">1</Pos>
</controlfield>
<datafield tag="048" ind1=" " ind2=" ">
	<subfield code="a">ka01<Pos Code="0001" Sens="clavier - piano">ka</Pos>
<Pos Code="02">0</Pos>
<Pos Code="03">1</Pos>
</subfield>
</datafield>
<datafield tag="100" ind1=" " ind2=" ">
	<subfield code="3">13892469</subfield>
	<subfield code="w">.0..b.....</subfield>
	<subfield code="a">Chopin</subfield>
	<subfield code="m">Frédéric</subfield>
	<subfield code="d">1810-1849</subfield>
</datafield>
<datafield tag="144" ind1="1" ind2=" ">
	<subfield code="w">....b.fre.</subfield>
	<subfield code="a">Ballades</subfield>
	<subfield code="b">Piano</subfield>
	<subfield code="k">CT 5</subfield>
	<subfield code="t">Fa mineur</subfield>
</datafield>
<datafield tag="444" ind1="1" ind2=" ">
	<subfield code="w">....b.fre.</subfield>
	<subfield code="a">Ballades</subfield>
	<subfield code="b">Piano</subfield>
	<subfield code="k">B 146</subfield>
	<subfield code="t">Fa mineur</subfield>
</datafield>
<datafield tag="444" ind1="1" ind2=" ">
	<subfield code="w">....b.fre.</subfield>
	<subfield code="a">Ballades</subfield>
	<subfield code="b">Piano</subfield>
	<subfield code="p">Op. 52</subfield>
	<subfield code="t">Fa mineur</subfield>
</datafield>
<datafield tag="444" ind1="1" ind2=" ">
	<subfield code="w">....b.fre.</subfield>
	<subfield code="a">Ballades</subfield>
	<subfield code="b">Piano</subfield>
	<subfield code="n">No 4</subfield>
	<subfield code="t">Fa mineur</subfield>
</datafield>
<datafield tag="502" ind1=" " ind2=" ">
	<subfield code="3">14801283</subfield>
	<subfield code="a">Chopin</subfield>
	<subfield code="m">Frédéric</subfield>
	<subfield code="d">1810-1849</subfield>
	<subfield code="t">[Ballades. CT 2-5]</subfield>
</datafield>
<datafield tag="600" ind1=" " ind2=" ">
	<subfield code="a">Dédicace à la baronne Nathaniel de Rotschild</subfield>
	<subfield code="a">Date de composition : 1841 ou 1842</subfield>
	<subfield code="a">1re éd. : Paris : Schlesinger, 14 décembre 1843 ; Leipzig : Breitkopf &amp; Härtel, novembre 1843 ; Londres : Wessel &amp; Co., avril 1845</subfield>
</datafield>
<datafield tag="610" ind1=" " ind2=" ">
	<subfield code="a">Chomiński et Turło</subfield>
	<subfield code="a">Kobylańska, Chopin</subfield>
	<subfield code="a">Brown, Chopin</subfield>
</datafield>
<datafield tag="610" ind1=" " ind2=" ">
	<subfield code="a">Chopin&apos;s First Editions Online</subfield>
	<subfield code="u">www.cfeo.org.uk</subfield>
	<subfield code="d">2010-02-19</subfield>
</datafield>
<datafield tag="917" ind1=" " ind2=" ">
	<subfield code="o">OPD</subfield>
	<subfield code="a">100298700</subfield>
	<subfield code="b">ATUM</subfield>
</datafield>
<datafield tag="917" ind1=" " ind2=" ">
	<subfield code="o">OPC</subfield>
	<subfield code="a">100393110</subfield>
</datafield>
<datafield tag="996" ind1=" " ind2=" ">
	<subfield code="o">OPP</subfield>
	<subfield code="a">13910608</subfield>
	<subfield code="d">20070421</subfield>
</datafield>
<Alter Ori="13892469">
<datafield tag="400" ind1=" " ind2=" ">
	<subfield code="w">....b.pol.</subfield>
	<subfield code="a">Chopin</subfield>
	<subfield code="m">Fryderyk</subfield>
	<subfield code="d">1810-1849</subfield>
</datafield>
<datafield tag="400" ind1=" " ind2=" ">
	<subfield code="w">....b.....</subfield>
	<subfield code="a">Chopin</subfield>
	<subfield code="m">Frédéric François</subfield>
	<subfield code="d">1810-1849</subfield>
</datafield>
<datafield tag="400" ind1=" " ind2=" ">
	<subfield code="w">....b.pol.</subfield>
	<subfield code="a">Chopin</subfield>
	<subfield code="m">Fryderyk Franciszek</subfield>
	<subfield code="d">1810-1849</subfield>
</datafield>
</Alter>
<Attr Nom="IDPerenne">ark:/12148/cb14806067t</Attr>
<Attr Nom="NumSource">OPD 100298700</Attr>
<Attr Nom="Source" Sens="BnF catalogue général (depuis 1999)">A</Attr>
<Attr Nom="NumAutoriteLiee">1389246914801283</Attr>
<Attr Nom="DateCreation">11/02/ 1999</Attr>
<Attr Nom="ResponsableCreation">MIGV3_FF</Attr>
<Attr Nom="StructCreation">1</Attr>
<Attr Nom="DateDerniereValidation">09/11/ 2010</Attr>
<Attr Nom="ResponsableDerniereValidation">MIGV4</Attr>
<Attr Nom="StructPremiereValidation">1</Attr>
<Attr Nom="DatePremiereValidation">11/02/ 1999</Attr>
<Attr Nom="ResponsablePremiereValidation">MIGV3_FF</Attr>
<Attr Nom="StructDerniereValidation">1</Attr>
<Attr Nom="NumSource" Rep="1">OPC 100393110</Attr>
<Attr Nom="NumSource" Rep="2">OPP 13910608</Attr>
</record>
